@article{brent_montecarlo,
	author = {Richard P. Brent},
	title = {An improved Monte Carlo factorization algorithm},
	journaltitle = {BIT Numerical Mathematics},
	date = {June 1980},
	volume = {20},
	issue = {2},
	pages = {176-184},
	url = {http://maths-people.anu.edu.au/~brent/pd/rpb051i.pdf},
	urldate = {07/01/2018},
}

@inbook{hac_math,
	author = {A. Menezes and P. van Oorschot and S. Vanstone},
	title = {Mathematical Background},
	booktitle = {Handbook of Applied Cryptography},
	date = {1996},
	publisher = {CRC Press},
	chapter = {2},
	url = {http://cacr.uwaterloo.ca/hac/about/chap2.pdf},
	urldate = {02/01/2018}
}

@inbook{hac_numtheory,
	author = {A. Menezes and P. van Oorschot and S. Vanstone},
	title = {Number Theoretic Reference Problems},
	booktitle = {Handbook of Applied Cryptography},
	date = {1996},
	publisher = {CRC Press},
	chapter = {3},
	url = {http://cacr.uwaterloo.ca/hac/about/chap3.pdf},
	urldate = {10/09/2017}
}

@inbook{hac_publickey,
	author = {A. Menezes and P. van Oorschot and S. Vanstone},
	title = {Public Key Parameters},
	booktitle = {Handbook of Applied Cryptography},
	date = {1996},
	publisher = {CRC Press},
	chapter = {4},
	url = {http://cacr.uwaterloo.ca/hac/about/chap4.pdf},
	urldate = {25/12/2017}
}

@book{stallings_cryptography,
	title = {Cryptography and Network Security Principles and Practice},
	author = {William Stallings},
	year = {2011},
	edition = {5},
	chapter = {4}
}

@book{cormen_introduction,
	title = {Introduction to Algorithm},
	author = {Thomas H. Cormen and Charles E. Leiserson and Ronald L. Rivest and Clifford Stein},
	year = {2009},
	edition = {3},
	chapter = {31}
}

@online{brilliant_bezout,
	author = {Mira B and Anuj Shikarkhane and Samir Khan and Ishan Singh and Prasun Biswas and Josep Xavier Salvat and	Calvin Lin and Mei Li and Arron Kau and Eli Ross and Jimin Khim},
	year = {n.d.},
	title = {Bezout's Identity},
	url = {https://brilliant.org/wiki/bezouts-identity/},
	urldate = {26/01/2018},
}

@online{oeis_mrabin_limit,
	author = {OEIS},
	title = {Smallest odd number for which Miller-Rabin primality test on bases $ <= $ n-th prime does not reveal compositeness. },
	date = {2015},
	url = {https://oeis.org/A014233},
	version = {51},
	urldate = {17/02/2018},
}

@online{wolfram_prime_polynomial,
	author = {Eric W. Weisstein},
	title = {Prime-Generating Polynomial},
	year = {n.d.},
	url = {http://mathworld.wolfram.com/Prime-GeneratingPolynomial.html},
	urldate = {17/02/2018},
}

@book{harald_applied_number_theory,
	author = {Harald Niederreiter and Arne Winterhof},
	title = {Applied Number Theory},
	date = {2015},
	isbn = {978-3-319-22321-6},
	doi = {10.1007/978-3-319-22321-6}
}

@online{geeks_modular_multiplication,
	author = {Geeks For Geeks},
	date = {2018},
	title = {How to avoid overflow in modular multiplication?},
	url = {https://www.geeksforgeeks.org/how-to-avoid-overflow-in-modular-multiplication/},
	urldate = {06/01/2018},
}

@online{easy_element_order,
	author = {Mathematics Stack Exchange},
	title = {Easy way to find the order of elements in a finite field},
	date = {16 March 2016},
	url = {https://math.stackexchange.com/questions/1700534/easy-way-to-find-the-order-of-elements-in-a-finite-field}
	urldate = {3 March 2018},
}
